
@inproceedings{HPBCG,
  title={Basic infrastructure for dynamic code generation},
  author={Charles, Henri-Pierre},
  booktitle={Proceedings of the Workshop “Dynamic Compilation Everywhere”, in Conjunction with the 7th HiPEAC Conference, Paris, France (January 2012)},
  volume={112},
  year={2012}
}
@inproceedings{ccg,
	address = {New York, NY, USA},
	series = {{LCR} '04},
	title = {Efficient {Data} {Driven} {Run}-time {Code} {Generation}},
	url = {http://doi.acm.org/10.1145/1066650.1066653},
	doi = {10.1145/1066650.1066653},
	abstract = {Knowledge of data values at run-time allows us to generate better code in terms of efficiency, size and power consumption.This paper introduces a low-level compiling technique based on a minimal code generator with parametric embedded sections to generate binary code at run-time. This generator called a "compilet" creates code and allocates registers using the data input. Then, it generates the needed instructions. Our measurements, performed on Itanium 2 and PowerPC platforms have shown a speed improvement of 43\% on the Itanium 2 platform and 41\% on the PowerPC one.The proposed technique proves to be particularly useful in the case of intensively reused functions in graphic applications, where the advantages of dynamic compilation have not been fully taken into account yet.},
	urldate = {2016-12-13},
	booktitle = {Proceedings of the 7th {Workshop} on {Workshop} on {Languages}, {Compilers}, and {Run}-time {Support} for {Scalable} {Systems}},
	publisher = {ACM},
	author = {Brifault, Karine and Charles, Henri-Pierre},
	year = {2004},
	pages = {1--7},
	file = {p3-brifault.pdf:/datas/Local/Zotero/storage/ZE499824/p3-brifault.pdf:application/pdf}
}                  

@inproceedings{Degoal,
	title = {{deGoal} a tool to embed dynamic code generators into applications},
	url = {http://link.springer.com/chapter/10.1007/978-3-642-54807-9_6},
	urldate = {2016-12-14},
	booktitle = {International {Conference} on {Compiler} {Construction}},
	publisher = {Springer},
	author = {Charles, Henri-Pierre and Couroussé, Damien and Lomüller, Victor and Endo, Fernando A. and Gauguey, Rémy},
	year = {2014},
	pages = {107--112},
	file = {[PDF] archives-ouvertes.fr:/datas/Local/Zotero/storage/7GULFFL9/Charles et al. - 2014 - deGoal a tool to embed dynamic code generators int.pdf:application/pdf;[PDF] archives-ouvertes.fr:/datas/Local/Zotero/storage/PJNR3VY8/Charles et al. - 2014 - deGoal a tool to embed dynamic code generators int.pdf:application/pdf;[PDF] archives-ouvertes.fr:/datas/Local/Zotero/storage/EFK6AKSG/Charles et al. - 2014 - deGoal a tool to embed dynamic code generators int.pdf:application/pdf;[PDF] archives-ouvertes.fr:/datas/Local/Zotero/storage/7CTX8425/Charles et al. - 2014 - deGoal a tool to embed dynamic code generators int.pdf:application/pdf;Snapshot:/datas/Local/Zotero/storage/KMSCPBBZ/978-3-642-54807-9_6.html:text/html;Snapshot:/datas/Local/Zotero/storage/CWN4RGKI/978-3-642-54807-9_6.html:text/html;Snapshot:/datas/Local/Zotero/storage/CG7KSH7P/978-3-642-54807-9_6.html:text/html;Snapshot:/datas/Local/Zotero/storage/7R5EEH6R/978-3-642-54807-9_6.html:text/html}
}